
   <record>
      <leader>00000nz  a2200000nc 4500</leader>
      <controlfield tag="001">institutions/30003591</controlfield>
      <controlfield tag="003">DE-633</controlfield>
      <controlfield tag="005">20250620052023.0</controlfield>
      <controlfield tag="008">161109||||z|||a|||||||||||||||||n||||||d</controlfield>
      <datafield tag="024" ind1="7" ind2=" ">
         <subfield code="a">311373926</subfield>
         <subfield code="2">VIAF</subfield>
      </datafield>
      <datafield tag="024" ind1="7" ind2=" ">
         <subfield code="a">16157686-2</subfield>
         <subfield code="2">DNB</subfield>
      </datafield>
      <datafield tag="024" ind1="7" ind2=" ">
         <subfield code="a">RUS-KAu</subfield>
         <subfield code="q">siglum</subfield>
         <subfield code="2">rism</subfield>
      </datafield>
      <datafield tag="034" ind1="1" ind2=" ">
         <subfield code="d">20.509459832265087</subfield>
         <subfield code="f">54.71391294139205</subfield>
      </datafield>
      <datafield tag="040" ind1=" " ind2=" ">
         <subfield code="a">DE-633</subfield>
         <subfield code="c">DE-633</subfield>
         <subfield code="e">rismg</subfield>
      </datafield>
      <datafield tag="043" ind1=" " ind2=" ">
         <subfield code="c">XA-RU</subfield>
      </datafield>
      <datafield tag="110" ind1="1" ind2=" ">
         <subfield code="a">Baltijskij federal’nyj universitet imeni Immanuila Kanta, biblioteka</subfield>
         <subfield code="c">Kaliningrad</subfield>
         <subfield code="g">RUS-KAu</subfield>
      </datafield>
      <datafield tag="368" ind1=" " ind2=" ">
         <subfield code="a">Institution</subfield>
         <subfield code="a">Library</subfield>
      </datafield>
      <datafield tag="371" ind1=" " ind2=" ">
         <subfield code="a">Ulitsa Universitetskaya, 2, к. 3</subfield>
         <subfield code="b">Kaliningrad</subfield>
         <subfield code="c">Kaliningrad Oblast</subfield>
         <subfield code="d">Russia</subfield>
         <subfield code="e">236040</subfield>
         <subfield code="m">eafilippova@kantiana.ru</subfield>
         <subfield code="u">https://kantiana.ru</subfield>
         <subfield code="z">contact: Elena Filippova</subfield>
         <subfield code="z">tel: +7 / (4012) 59-55-95 #7101</subfield>
      </datafield>
      <datafield tag="410" ind1=" " ind2=" ">
         <subfield code="a">Naučnaja biblioteka Kaliningradskogo gosudarstvennogo universiteta</subfield>
      </datafield>
      <datafield tag="410" ind1=" " ind2=" ">
         <subfield code="a">Universitetskaya Biblioteka</subfield>
      </datafield>
      <datafield tag="510" ind1="2" ind2=" ">
         <subfield code="a">Балтийский федеральный университет имени Иммануила Канта, библиотека</subfield>
      </datafield>
      <datafield tag="551" ind1="1" ind2=" ">
         <subfield code="a">Kaliningrad</subfield>
         <subfield code="0">places/3900272</subfield>
      </datafield>
      <datafield tag="667" ind1=" " ind2=" ">
         <subfield code="a">Published sources: 2</subfield>
      </datafield>
   </record>