
   <record>
      <leader>00000nz  a2200000nc 4500</leader>
      <controlfield tag="001">institutions/30006182</controlfield>
      <controlfield tag="003">DE-633</controlfield>
      <controlfield tag="005">20250620052045.0</controlfield>
      <controlfield tag="008">161109||||z|||a|||||||||||||||||n||||||d</controlfield>
      <datafield tag="024" ind1="7" ind2=" ">
         <subfield code="a">Q4146796</subfield>
         <subfield code="2">WKP</subfield>
      </datafield>
      <datafield tag="024" ind1="7" ind2=" ">
         <subfield code="a">RUS-KLč</subfield>
         <subfield code="q">siglum</subfield>
         <subfield code="2">rism</subfield>
      </datafield>
      <datafield tag="034" ind1="1" ind2=" ">
         <subfield code="d">36.747568555857065</subfield>
         <subfield code="f">56.32894022282191</subfield>
      </datafield>
      <datafield tag="040" ind1=" " ind2=" ">
         <subfield code="a">DE-633</subfield>
         <subfield code="c">DE-633</subfield>
         <subfield code="e">rismg</subfield>
      </datafield>
      <datafield tag="043" ind1=" " ind2=" ">
         <subfield code="c">XA-RU</subfield>
      </datafield>
      <datafield tag="110" ind1="1" ind2=" ">
         <subfield code="a">Gosudarstvennyj Memorial'nyj Muzykal'nyj Muzej-Zapovednik P.I. Čajkovskogo</subfield>
         <subfield code="c">Klin</subfield>
         <subfield code="g">RUS-KLč</subfield>
      </datafield>
      <datafield tag="368" ind1=" " ind2=" ">
         <subfield code="a">Institution</subfield>
         <subfield code="a">Library</subfield>
         <subfield code="a">Museum</subfield>
      </datafield>
      <datafield tag="371" ind1=" " ind2=" ">
         <subfield code="a">Ulitsa Čajkovskogo, 48</subfield>
         <subfield code="b">Klin</subfield>
         <subfield code="c">Moskovskaja Oblast</subfield>
         <subfield code="d">Russia</subfield>
         <subfield code="e">141600</subfield>
         <subfield code="m">mk_gdmch@mosreg.ru</subfield>
         <subfield code="u">https://tchaikovsky.house/</subfield>
         <subfield code="v">https://tchaikovsky.house/</subfield>
      </datafield>
      <datafield tag="410" ind1=" " ind2=" ">
         <subfield code="a">Naučnaja biblioteka gosudarstvennogo doma-muzeja P. I. Čajkovskogo</subfield>
      </datafield>
      <datafield tag="410" ind1=" " ind2=" ">
         <subfield code="a">Gosudarstvennoe Avtonomnoe Učpeždenie Kul'tury Moskovskoj Oblasti "Gosudarstvennyj Memorial'nyj Muzykal'nyj Muzej-Zapovednik P.I. Čajkovskogo"</subfield>
      </datafield>
      <datafield tag="410" ind1=" " ind2=" ">
         <subfield code="a">Музей-Заповедник П.И. Чайковского</subfield>
      </datafield>
      <datafield tag="410" ind1=" " ind2=" ">
         <subfield code="a">Museum-Reserve of P.I. Tchaikovsky</subfield>
      </datafield>
      <datafield tag="410" ind1=" " ind2=" ">
         <subfield code="a">Tchaikovsky State House-Museum</subfield>
      </datafield>
      <datafield tag="510" ind1="2" ind2=" ">
         <subfield code="a">Государственное Автономное Учреждение Культуры Московской Области "Государственный мемориальный музыкальный музей-заповедник П. И. Чайковского"</subfield>
      </datafield>
      <datafield tag="551" ind1="1" ind2=" ">
         <subfield code="a">Klin</subfield>
         <subfield code="0">places/3904678</subfield>
      </datafield>
      <datafield tag="678" ind1="1" ind2=" ">
         <subfield code="a">Founded in 1894.</subfield>
      </datafield>
      <datafield tag="700" ind1="1" ind2=" ">
         <subfield code="a">Čajkovskij, Pëtr Il'ič</subfield>
         <subfield code="d">1840-1893</subfield>
         <subfield code="0">people/144048</subfield>
         <subfield code="4">asn</subfield>
      </datafield>
   </record>