
   <record>
      <leader>00000nz  a2200000nc 4500</leader>
      <controlfield tag="001">institutions/51000654</controlfield>
      <controlfield tag="003">DE-633</controlfield>
      <controlfield tag="005">20250620052238.0</controlfield>
      <controlfield tag="008">180216||||z|||a|||||||||||||||||n||||||d</controlfield>
      <datafield tag="024" ind1="7" ind2=" ">
         <subfield code="a">152760829</subfield>
         <subfield code="2">VIAF</subfield>
      </datafield>
      <datafield tag="024" ind1="7" ind2=" ">
         <subfield code="a">RUS-Kgk</subfield>
         <subfield code="q">siglum</subfield>
         <subfield code="2">rism</subfield>
      </datafield>
      <datafield tag="034" ind1="1" ind2=" ">
         <subfield code="d">49.127771</subfield>
         <subfield code="f">55.796951</subfield>
      </datafield>
      <datafield tag="040" ind1=" " ind2=" ">
         <subfield code="a">DE-633</subfield>
         <subfield code="c">DE-633</subfield>
         <subfield code="e">rismg</subfield>
      </datafield>
      <datafield tag="043" ind1=" " ind2=" ">
         <subfield code="c">XA-RU</subfield>
      </datafield>
      <datafield tag="110" ind1="1" ind2=" ">
         <subfield code="a">Kazanskaja gosudarstvennaja konservatoria imeni N. G. Žiganova</subfield>
         <subfield code="c">Kazan'</subfield>
         <subfield code="g">RUS-Kgk</subfield>
      </datafield>
      <datafield tag="371" ind1=" " ind2=" ">
         <subfield code="a">ul. B. Krasnaja, d. 38</subfield>
         <subfield code="b">Kazan'</subfield>
         <subfield code="c">Republic of Tatarstan</subfield>
         <subfield code="d">Russia</subfield>
         <subfield code="e">420015</subfield>
         <subfield code="m">pavana511@gmail.com</subfield>
         <subfield code="u">http://kazanconservatoire.ru/</subfield>
         <subfield code="z">tel: +7 / (843) / 236-55-33</subfield>
      </datafield>
      <datafield tag="510" ind1="1" ind2=" ">
         <subfield code="a">Казанская государственная консерватория имени Н. Г. Жиганова</subfield>
      </datafield>
      <datafield tag="510" ind1="1" ind2=" ">
         <subfield code="a">Kazan State Conservatoire named after N. G. Zhiganov</subfield>
      </datafield>
      <datafield tag="551" ind1="1" ind2=" ">
         <subfield code="a">Kazan</subfield>
         <subfield code="0">places/3905684</subfield>
      </datafield>
   </record>