
   <record>
      <leader>00000nz  a2200000nc 4500</leader>
      <controlfield tag="001">institutions/51001591</controlfield>
      <controlfield tag="003">DE-633</controlfield>
      <controlfield tag="005">20250620052239.0</controlfield>
      <controlfield tag="008">180507||||z|||a|||||||||||||||||n||||||d</controlfield>
      <datafield tag="024" ind1="7" ind2=" ">
         <subfield code="a">RUS-Mbsmk</subfield>
         <subfield code="q">siglum</subfield>
         <subfield code="2">rism</subfield>
      </datafield>
      <datafield tag="040" ind1=" " ind2=" ">
         <subfield code="a">DE-633</subfield>
         <subfield code="c">DE-633</subfield>
         <subfield code="e">rismg</subfield>
      </datafield>
      <datafield tag="043" ind1=" " ind2=" ">
         <subfield code="c">XA-RU</subfield>
      </datafield>
      <datafield tag="110" ind1="1" ind2=" ">
         <subfield code="a">Muzykal'naja Biblioteka Sojuza Moskovskich Kompozitorov</subfield>
         <subfield code="c">Moskva</subfield>
         <subfield code="g">RUS-Mbsmk</subfield>
      </datafield>
      <datafield tag="371" ind1=" " ind2=" ">
         <subfield code="a">Brjusov pereulok, 8/10, k. 2</subfield>
         <subfield code="b">Moskva</subfield>
         <subfield code="d">Russia</subfield>
         <subfield code="e">125009</subfield>
         <subfield code="m">unimoscom@mail.ru</subfield>
         <subfield code="u">http://xn--b1aanbebkbbpfqcbebcaoyded7a1etm.xn--p1ai/library-soyuz.htm</subfield>
         <subfield code="z">tel: +7 / (495) 629-67-60</subfield>
         <subfield code="z">fax: +7 / (495) 629-98-84</subfield>
      </datafield>
      <datafield tag="510" ind1="1" ind2=" ">
         <subfield code="a">Музыкальная библиотека Союза московских композиторов</subfield>
      </datafield>
      <datafield tag="510" ind1="1" ind2=" ">
         <subfield code="a">Music Library of the Moscow Composers' Union</subfield>
      </datafield>
      <datafield tag="510" ind1="1" ind2=" ">
         <subfield code="a">Musikbibliothek des Moskauer Komponistenverbandes</subfield>
      </datafield>
      <datafield tag="551" ind1="1" ind2=" ">
         <subfield code="a">Moskva</subfield>
         <subfield code="0">places/3900557</subfield>
      </datafield>
   </record>