
   <record>
      <leader>00000nz  a2200000nc 4500</leader>
      <controlfield tag="001">institutions/30002527</controlfield>
      <controlfield tag="003">DE-633</controlfield>
      <controlfield tag="005">20250620052013.0</controlfield>
      <controlfield tag="008">161109||||z|||a|||||||||||||||||n||||||d</controlfield>
      <datafield tag="024" ind1="7" ind2=" ">
         <subfield code="a">145148519</subfield>
         <subfield code="2">VIAF</subfield>
      </datafield>
      <datafield tag="024" ind1="7" ind2=" ">
         <subfield code="a">Q215539</subfield>
         <subfield code="2">WKP</subfield>
      </datafield>
      <datafield tag="024" ind1="7" ind2=" ">
         <subfield code="a">RUS-Mk</subfield>
         <subfield code="q">siglum</subfield>
         <subfield code="2">rism</subfield>
      </datafield>
      <datafield tag="040" ind1=" " ind2=" ">
         <subfield code="a">DE-633</subfield>
         <subfield code="c">DE-633</subfield>
         <subfield code="e">rismg</subfield>
      </datafield>
      <datafield tag="043" ind1=" " ind2=" ">
         <subfield code="c">XA-RU</subfield>
      </datafield>
      <datafield tag="110" ind1="1" ind2=" ">
         <subfield code="a">Naučnaja muzykal'naja biblioteka im. S. I. Taneeva Moskovskoj gosudarstvennoj konservatorii im. P. I. Čajkovskogo</subfield>
         <subfield code="c">Moskva</subfield>
         <subfield code="g">RUS-Mk</subfield>
      </datafield>
      <datafield tag="368" ind1=" " ind2=" ">
         <subfield code="a">Institution</subfield>
         <subfield code="a">Library</subfield>
      </datafield>
      <datafield tag="371" ind1=" " ind2=" ">
         <subfield code="a">ul. Bol'šaja Nikitskaja, d. 13/6 (ул. Большая Никитская, д. 13/6)</subfield>
         <subfield code="b">Moskva (Москва)</subfield>
         <subfield code="d">Russia</subfield>
         <subfield code="e">125009</subfield>
         <subfield code="m">tiz@mosconsv.ru</subfield>
         <subfield code="u">http://www.taneevlibrary.ru/</subfield>
         <subfield code="z">tel: +7 / (495) / 629-07-59 (2106)</subfield>
      </datafield>
      <datafield tag="410" ind1=" " ind2=" ">
         <subfield code="a">Научная музыкальная библиотека им. С. И. Танеева Московской государственной консерватории имени П. И. Чайковского</subfield>
      </datafield>
      <datafield tag="410" ind1=" " ind2=" ">
         <subfield code="a">The Sergey Taneyev Scholarly Music Library of the Moscow Conservatory</subfield>
      </datafield>
      <datafield tag="551" ind1="1" ind2=" ">
         <subfield code="a">Moskva</subfield>
         <subfield code="0">places/3900557</subfield>
      </datafield>
      <datafield tag="667" ind1=" " ind2=" ">
         <subfield code="a">Published sources: 2661</subfield>
      </datafield>
   </record>