
   <record>
      <leader>00000nz  a2200000nc 4500</leader>
      <controlfield tag="001">institutions/51001590</controlfield>
      <controlfield tag="003">DE-633</controlfield>
      <controlfield tag="005">20250620052239.0</controlfield>
      <controlfield tag="008">180507||||z|||a|||||||||||||||||n||||||d</controlfield>
      <datafield tag="024" ind1="7" ind2=" ">
         <subfield code="a">RUS-Mmdk</subfield>
         <subfield code="q">siglum</subfield>
         <subfield code="2">rism</subfield>
      </datafield>
      <datafield tag="034" ind1="1" ind2=" ">
         <subfield code="d">37.608952</subfield>
         <subfield code="f">55.759287</subfield>
      </datafield>
      <datafield tag="040" ind1=" " ind2=" ">
         <subfield code="a">DE-633</subfield>
         <subfield code="c">DE-633</subfield>
         <subfield code="e">rismg</subfield>
      </datafield>
      <datafield tag="043" ind1=" " ind2=" ">
         <subfield code="c">XA-RU</subfield>
      </datafield>
      <datafield tag="110" ind1="1" ind2=" ">
         <subfield code="a">Moskovskij Dom Kompozitorov - Notnaja Biblioteka</subfield>
         <subfield code="c">Moskva</subfield>
         <subfield code="g">RUS-Mmdk</subfield>
      </datafield>
      <datafield tag="368" ind1=" " ind2=" ">
         <subfield code="a">Institution</subfield>
         <subfield code="a">Library</subfield>
         <subfield code="a">Archive</subfield>
      </datafield>
      <datafield tag="371" ind1=" " ind2=" ">
         <subfield code="a">Brjusov pereulok - dom 8/10, str. 2</subfield>
         <subfield code="b">Moskva</subfield>
         <subfield code="d">Russia</subfield>
         <subfield code="e">125009</subfield>
         <subfield code="m">allasedova2003@yandex.ru</subfield>
         <subfield code="u">http://www.house-composers.ru/</subfield>
         <subfield code="z">tel: +7 / (495) 629-35-37</subfield>
      </datafield>
      <datafield tag="510" ind1="1" ind2=" ">
         <subfield code="a">Московский дом композиторов - нотная библиотека</subfield>
      </datafield>
      <datafield tag="510" ind1="1" ind2=" ">
         <subfield code="a">Moscow House of Composers - Music Library</subfield>
      </datafield>
      <datafield tag="510" ind1="1" ind2=" ">
         <subfield code="a">Haus der Komponisten Moskau - Notenbibliothek</subfield>
      </datafield>
      <datafield tag="551" ind1="1" ind2=" ">
         <subfield code="a">Moskva</subfield>
         <subfield code="0">places/3900557</subfield>
      </datafield>
   </record>