
   <record>
      <leader>00000nz  a2200000nc 4500</leader>
      <controlfield tag="001">institutions/51005940</controlfield>
      <controlfield tag="003">DE-633</controlfield>
      <controlfield tag="005">20250620052305.0</controlfield>
      <controlfield tag="008">211216||||z|||a|||||||||||||||||n||||||d</controlfield>
      <datafield tag="024" ind1="7" ind2=" ">
         <subfield code="a">Q56310189</subfield>
         <subfield code="2">WKP</subfield>
      </datafield>
      <datafield tag="024" ind1="7" ind2=" ">
         <subfield code="a">RUS-Mmp</subfield>
         <subfield code="q">siglum</subfield>
         <subfield code="2">rism</subfield>
      </datafield>
      <datafield tag="034" ind1="1" ind2=" ">
         <subfield code="d">37.6142004079622</subfield>
         <subfield code="f">55.76004683294487</subfield>
      </datafield>
      <datafield tag="040" ind1=" " ind2=" ">
         <subfield code="a">DE-633</subfield>
         <subfield code="c">DE-633</subfield>
         <subfield code="e">rismg</subfield>
      </datafield>
      <datafield tag="043" ind1=" " ind2=" ">
         <subfield code="c">XA-RU</subfield>
      </datafield>
      <datafield tag="110" ind1="1" ind2=" ">
         <subfield code="a">Rossijskij Nacional'nyj Muzej Muzyki, Muzej S. S. Prokof'eva</subfield>
         <subfield code="c">Moskva</subfield>
         <subfield code="g">RUS-Mmp</subfield>
      </datafield>
      <datafield tag="368" ind1=" " ind2=" ">
         <subfield code="a">Institution</subfield>
         <subfield code="a">Library</subfield>
         <subfield code="a">Museum</subfield>
      </datafield>
      <datafield tag="371" ind1=" " ind2=" ">
         <subfield code="a">Kamergerskij per., 6</subfield>
         <subfield code="b">Moskva</subfield>
         <subfield code="d">Russia</subfield>
         <subfield code="e">1169</subfield>
         <subfield code="m">prokofiev@music-museum.ru</subfield>
         <subfield code="u">https://music-museum.ru/museums/the-prokofiev-museum.html</subfield>
         <subfield code="z">contact: Анна Александровна Желтышева (Anna Aleksandrovna Želtyževa)</subfield>
      </datafield>
      <datafield tag="510" ind1="2" ind2=" ">
         <subfield code="a">Российский национальный музей музыки</subfield>
      </datafield>
      <datafield tag="510" ind1="2" ind2=" ">
         <subfield code="a">Музей С.С. Прокофьева</subfield>
      </datafield>
      <datafield tag="551" ind1="1" ind2=" ">
         <subfield code="a">Moskva</subfield>
         <subfield code="0">places/3900557</subfield>
      </datafield>
      <datafield tag="678" ind1="1" ind2=" ">
         <subfield code="a">Founded in 2008.</subfield>
      </datafield>
      <datafield tag="700" ind1="1" ind2=" ">
         <subfield code="a">Prokof'ev, Sergej Sergeevič</subfield>
         <subfield code="d">1891-1953</subfield>
         <subfield code="0">people/404143</subfield>
         <subfield code="4">asn</subfield>
      </datafield>
   </record>