
   <record>
      <leader>00000nz  a2200000nc 4500</leader>
      <controlfield tag="001">institutions/51008064</controlfield>
      <controlfield tag="003">DE-633</controlfield>
      <controlfield tag="005">20250620052319.0</controlfield>
      <controlfield tag="008">240625||||z|||a|||||||||||||||||n||||||d</controlfield>
      <datafield tag="024" ind1="7" ind2=" ">
         <subfield code="a">144404200</subfield>
         <subfield code="2">VIAF</subfield>
      </datafield>
      <datafield tag="024" ind1="7" ind2=" ">
         <subfield code="a">Q4314466</subfield>
         <subfield code="2">WKP</subfield>
      </datafield>
      <datafield tag="024" ind1="7" ind2=" ">
         <subfield code="a">RUS-TO</subfield>
         <subfield code="q">siglum</subfield>
         <subfield code="2">rism</subfield>
      </datafield>
      <datafield tag="034" ind1="1" ind2=" ">
         <subfield code="d">84.95022204254919</subfield>
         <subfield code="f">56.46810977317781</subfield>
      </datafield>
      <datafield tag="040" ind1=" " ind2=" ">
         <subfield code="a">DE-633</subfield>
         <subfield code="c">DE-633</subfield>
         <subfield code="e">rismg</subfield>
      </datafield>
      <datafield tag="043" ind1=" " ind2=" ">
         <subfield code="c">XA-RU</subfield>
      </datafield>
      <datafield tag="110" ind1="1" ind2=" ">
         <subfield code="a">Naučnaja biblioteka Tomskogo gosudarstvennogo universiteta</subfield>
         <subfield code="c">Tomsk</subfield>
         <subfield code="g">RUS-TO</subfield>
      </datafield>
      <datafield tag="368" ind1=" " ind2=" ">
         <subfield code="a">Institution</subfield>
         <subfield code="a">Library</subfield>
      </datafield>
      <datafield tag="371" ind1=" " ind2=" ">
         <subfield code="a">Lenin st. 34a</subfield>
         <subfield code="b">Tomsk</subfield>
         <subfield code="c">Tomskaja oblast</subfield>
         <subfield code="d">Russia</subfield>
         <subfield code="e">634050</subfield>
         <subfield code="m">art@lib.tsu.ru</subfield>
         <subfield code="u">https://www.lib.tsu.ru/ru</subfield>
         <subfield code="z">contact: Artem V. Vasiliev</subfield>
         <subfield code="z">tel: +7 / 3822 / 53-42-82, 78-51-23</subfield>
         <subfield code="z">fax: +7 / 3822 / 52-83-93</subfield>
      </datafield>
      <datafield tag="510" ind1="2" ind2=" ">
         <subfield code="a">Научная библиотека Томского государственного университета</subfield>
      </datafield>
      <datafield tag="510" ind1="2" ind2=" ">
         <subfield code="a">Research Library of Tomsk State University</subfield>
      </datafield>
      <datafield tag="551" ind1="1" ind2=" ">
         <subfield code="a">Tomsk</subfield>
         <subfield code="0">places/50015626</subfield>
      </datafield>
      <datafield tag="667" ind1=" " ind2=" ">
         <subfield code="a">Published sources: 1</subfield>
      </datafield>
   </record>