
   <record>
      <leader>00000nz  a2200000nc 4500</leader>
      <controlfield tag="001">institutions/51008515</controlfield>
      <controlfield tag="003">DE-633</controlfield>
      <controlfield tag="005">20250620052323.0</controlfield>
      <controlfield tag="008">250204||||z|||a|||||||||||||||||n||||||d</controlfield>
      <datafield tag="024" ind1="7" ind2=" ">
         <subfield code="a">Q4475183</subfield>
         <subfield code="2">WKP</subfield>
      </datafield>
      <datafield tag="024" ind1="7" ind2=" ">
         <subfield code="a">RUS-Uonb</subfield>
         <subfield code="q">siglum</subfield>
         <subfield code="2">rism</subfield>
      </datafield>
      <datafield tag="034" ind1="1" ind2=" ">
         <subfield code="d">48.405556</subfield>
         <subfield code="f">54.316111</subfield>
      </datafield>
      <datafield tag="040" ind1=" " ind2=" ">
         <subfield code="a">DE-633</subfield>
         <subfield code="b">ger</subfield>
         <subfield code="c">DE-633</subfield>
         <subfield code="e">rismg</subfield>
      </datafield>
      <datafield tag="043" ind1=" " ind2=" ">
         <subfield code="c">XA-RU</subfield>
      </datafield>
      <datafield tag="110" ind1="1" ind2=" ">
         <subfield code="a">Ul'janovskaja oblastnaja naučnaja biblioteka imeni V. I. Lenina</subfield>
         <subfield code="c">Ul'janovsk</subfield>
         <subfield code="g">RUS-Uonb</subfield>
      </datafield>
      <datafield tag="368" ind1=" " ind2=" ">
         <subfield code="a">Institution</subfield>
         <subfield code="a">Library</subfield>
      </datafield>
      <datafield tag="371" ind1=" " ind2=" ">
         <subfield code="a">per. Karamzina, d.3 / 2</subfield>
         <subfield code="b">Ul'janovsk</subfield>
         <subfield code="c">Ul'janovskaja oblast'</subfield>
         <subfield code="d">Russia</subfield>
         <subfield code="e">432700</subfield>
         <subfield code="m">lib@uonb.ru</subfield>
         <subfield code="u">https://uonb.ru/</subfield>
         <subfield code="z">tel: (+7) / 8422- 44-11-83</subfield>
      </datafield>
      <datafield tag="410" ind1=" " ind2=" ">
         <subfield code="a">Ульяновская областная научная библиотка имени В.И. Ленина</subfield>
      </datafield>
      <datafield tag="551" ind1="1" ind2=" ">
         <subfield code="a">Ul'janovsk</subfield>
         <subfield code="0">places/50021335</subfield>
      </datafield>
   </record>